% This file was created with Citavi 6.2.0.12

@proceedings{.2000,
 year = {2000},
 title = {Translating and the Computer 22: Proceedings of the Twenty-second international conference...16-17 November 2000. (London: Aslib, 2000)]}
}


@proceedings{.2009,
 year = {2009},
 title = {Proceedings of the 31st International Conference on Software Engineering},
 address = {Washington, DC, USA},
 publisher = {{IEEE Computer Society}},
 isbn = {978-1-4244-3453-4},
 series = {ICSE '09}
}


@misc{AAMT.2018,
 author = {Yuji, Yamamoto and Toshiki, Murata and {Bond Francis} and Seiji, Okura and {Kato, Michael, Konin} and Kei, Akimoto and Hiroyuki, Takashashi and {Hiroshi Kameya}},
 editor = {AAMT},
 year = {2018},
 title = {UTX 1.20 Specification},
 url = {http://www.aamt.info/english/utx/utx1.20-specification-e.pdf}
}


@article{Anastasiou.2012,
 author = {Anastasiou, Dimitra},
 year = {2012},
 title = {XLIFF Mapping to RDF},
 pages = {66--96},
 volume = {2},
 number = {5},
 issn = {2032-6904},
 journal = {The Journal of Internationalization and Localization},
 doi = {10.1075/jial.2.04ana}
}


@book{ASLIB.2002,
 year = {2002},
 title = {Translating and the Computer 24 : proceedings of the...International Conference...21-22 November 2002,},
 editor = {ASLIB}
}


@misc{Asnes.2010,
 author = {Asnes, Adam},
 year = {2010},
 title = {Internationalization Basics for Non-Engineers},
 url = {https://www.gala-global.org/ondemand/internationalization-basics-non-engineers},
 publisher = {GALA}
}


@inproceedings{Backus.1959,
 abstract = {Im Dokument S.16 Syntax of IAL: Grundlagen der Bachus Naur Form



Verwendet mit allen Zeichen der BNF in: Report on the algorithmic language ALGOL 60 1.1 Formalism for syntactic description},
 author = {Backus, J. W.},
 title = {The Syntax and Semantics of the proposed International Algebraic Language of the Zurich ACM-GAMM Conference},
 pages = {125--132},
 editor = {UNESCO},
 booktitle = {Proceedings of International Conference on Information Processing,},
 year = {1959}
}


@inproceedings{Batista.2013,
 author = {Batista, Mario and Costa, Carlos J. and Aparicio, Manuela},
 title = {ERP OS localization framework},
 pages = {1--8},
 publisher = {ACM},
 isbn = {9781450322553},
 editor = {Costa, Carlos J.},
 booktitle = {Proceedings of the Workshop on Open Source and Design of Communication},
 year = {2013},
 address = {New York, NY},
 doi = {10.1145/2503848.2503849}
}


@misc{Bauer.2006,
 author = {{Bauer, Cerrella, Silvia} and Reineke, Detlef},
 editor = {GALA},
 year = {2006},
 title = {A Holistic Approach to Reusing Terminological Data in Software Localization},
 url = {https://www.gala-global.org/publications/holistic-approach-reusing-terminological-data-software-localization-0}
}


@book{Behrens.2016,
 abstract = {Inhalt: GNU gettext -- KDE Framework 5 -- L20n-Framework -- Android SDK -- iOS SDK -- Zukunft des {\"U}bersetzens -- Ausbildung von {\"U}bersetzern -- Translatologie / {\"U}bersetzungswissenschaft -- Translationssoziologie -- Translatorisches Handeln -- Translation Scripting -- Lokalisierbarkeit -- GUI -- I18N -- L10N -- graphical user interface -- grafische Benutzerschnittstelle



Der Autor erforscht Gr{\"u}nde f{\"u}r das Entstehen sprachlicher Defekte in lokalisierten Oberfl{\"a}chen von Computerprogrammen. Dabei geht es nicht um Defizite in der Sprachkompetenz des {\"U}bersetzers, sondern um erzwungene Normverst{\"o}{\ss}e, die dann entstehen, wenn der {\"U}bersetzer die Kontrolle {\"u}ber das Translat verliert. Der Fokus liegt deswegen auf dem technologischen und sozio{\"o}konomischen Kontext der Lokalisierungsleistung. Die Analyse zeigt, warum und wie die digitale Revolution das {\"u}bersetzerische Berufsbild ver{\"a}ndern wird. Das Buch bietet neue {\"U}berlegungen zur Zukunft des {\"U}bersetzens und zur Ausbildung von {\"U}bersetzern},
 author = {Behrens, Alexander},
 year = {2016},
 title = {Lokalisierbarkeit von User-Interface-Strings: {\"U}bersetzerische Aspekte der Internationalisierung und Lokalisierung von Software, untersucht anhand der {\"U}bersetzungsrichtungen Englisch--Deutsch und Englisch--Russisch},
 url = {https://www.peterlang.com/view/product/23129?format=EPDF},
 address = {Frankfurt a.M},
 edition = {1st, New ed.},
 volume = {16},
 publisher = {{Peter Lang GmbH Internationaler Verlag der Wissenschaften}},
 isbn = {978-3-631-66194-9},
 series = {Leipziger Studien zur angewandten Linguistik und Translatologie},
 doi = {10.3726/978-3-653-05857-4}
}


@misc{BernersLee.2005,
 author = {Berners-Lee and Fielding and Masinter},
 editor = {IETF},
 year = {2005},
 title = {Uniform Resource Identifier (URI) Generic Syntax},
 url = {https://www.ietf.org/rfc/rfc3986.txt}
}


@misc{Binazzi.2017,
 author = {Binazzi, Alessandra},
 editor = {GALA},
 year = {2017},
 title = {Intro to Corporate Localization: The Blueprint},
 url = {https://www.gala-global.org/blog/intro-corporate-localization-blueprint}
}


@misc{Bradner.1997,
 author = {Bradner, S.},
 editor = {IETF},
 year = {1997},
 title = {Key words for use in RFCs to Indicate Reqirement Levels},
 url = {https://www.ietf.org/rfc/rfc2119.txt}
}


@misc{Bray.2008,
 author = {Bray, Tim and Paoli, Jean and Sperberg-McQueen, C. M. and Maler, Eve and Yergeau, Fran{\c{c}}ois},
 editor = {W3C},
 year = {2008},
 title = {Extensible Markup Language (XML) 1.0 (Fifth Edition)},
 url = {https://www.w3.org/TR/xml/},
 urldate = {12.09.2018}
}


@proceedings{Costa.2013,
 year = {2013},
 title = {Proceedings of the Workshop on Open Source and Design of Communication},
 keywords = {Computer science},
 address = {New York, NY},
 publisher = {ACM},
 isbn = {9781450322553},
 editor = {Costa, Carlos J.},
 doi = {10.1145/2503848}
}


@misc{Crocker.2008,
 author = {Crocker, D. and Overell, P.},
 editor = {IETF},
 year = {2008},
 title = {Augmented BNF for Syntax Specifications: ABNF}
}


@misc{Cyganiak.2014,
 author = {Cyganiak, Richard and Wood, David and Lanthaler, Markus},
 editor = {W3C},
 year = {2014},
 title = {RDF 1.1 Concepts and Abstract Syntax},
 url = {https://www.w3.org/TR/rdf11-concepts/}
}


@misc{Duerst.2005,
 author = {Duerst, M. and Suignard, M.},
 editor = {IETF},
 year = {2005},
 title = {Internationalized Resource Identifiers (IRIs)},
 url = {https://tools.ietf.org/html/rfc3987}
}


@book{Esselink.2000,
 author = {Esselink, Bert},
 year = {2000},
 title = {A practical guide to localization},
 address = {Amsterdam},
 edition = {[New and totally rev. ed.]},
 volume = {4},
 publisher = {Benjamins},
 isbn = {9789027219565},
 series = {Language international world directory}
}


@misc{Esselink.2003,
 author = {Esselink, Bert},
 editor = {{MultiLingual Computing}, Inc.},
 year = {2003},
 title = {The Guide from MultiLingual Computing {\&} Technology: The Evolution of Localization},
 url = {https://www.multilingual.com/downloads/screenSupp57.pdf}
}


@inproceedings{Filip.2012,
 author = {Filip, David and Lewis, Dave and Sasaki, Felix},
 title = {The multilingual web},
 pages = {251},
 publisher = {ACM},
 isbn = {9781450312301},
 editor = {Mille, Alain and Gandon, Fabien and Misselis, Jacques and Rabinovich, Michael and Staab, Steffen},
 booktitle = {Proceedings of the 21st international conference companion on World Wide Web},
 year = {2012},
 address = {New York, NY},
 doi = {10.1145/2187980.2188021}
}


@misc{Filip.2013,
 author = {Filip, David and McCance, Shaun and Lewis, Dave and Lieske, Christian and Lommel, Arle and Kosek, Jirka and Sasaki, Felix and Savourel, Yves},
 editor = {W3C},
 year = {2013},
 title = {Internationalization Tag Set (ITS) Version 2.0},
 url = {https://www.w3.org/TR/its20/#overview}
}


@misc{Savourel.2005,
 author = {Savourel, Yves},
 editor = {GALA},
 year = {2005},
 title = {TMX 1.4b},
 url = {https://www.gala-global.org/tmx-14b}
}


@misc{GALA.2008,
 editor = {GALA},
 year = {2008},
 title = {Systems to manage terminology, knowledge , and content - TermBase eXchange (TBX)},
 url = {https://www.gala-global.org/sites/default/files/uploads/pdfs/tbx_oscar_0.pdf}
}


@misc{GALA.2008b,
 editor = {GALA},
 year = {2008},
 title = {XML and single source publishing},
 url = {https://www.gala-global.org/blog/xml-and-single-source-publishing}
}


@misc{GALA.2015,
 abstract = {Today, businesses work around the clock to connect customers, clients, and communities, not just in commerce but in the exchange of information---and much of that content exists in languages other than English. Approximately 7,000 languages are spoken in 260 countries across the globe. Language service specialists enable the multilingual and cross-cultural communication needed to persuade, educate, inform, and inspire audiences worldwide. Organizations ranging from microbusinesses to multinational corporations to national governments rely on these professionals to globalize, internationalize, localize, translate, and interpret all types of content for their audiences. Explore Language Service Definitions and Stakeholders       What is translation? Translation is the communication of meaning from one language (the source) to another language (the target).          What is localization? Localization (also referred to as {\textquotedbl}l10n{\textquotedbl}) is the process of adapting a product or content to a specific locale or market.          What is globalization? Globalization refers to a broad range of processes necessary to prepare and launch products and activities internationally.          What is internationalization? Internationalization ensures a product can be adapted to various languages without engineering changes to the source code.          What is interpreting? Interpreting is the facilitation of spoken or signed language communication between users of different languages.          Language Service Stakeholders The language industry is complex and represented by both generalist and specialist providers with many different functions.},
 editor = {GALA},
 year = {2015},
 title = {Introduction to Language Services},
 url = {https://www.gala-global.org/industry/introduction-language-services},
 keywords = {Language Agencies;Localization;Translation},
 urldate = {04.10.2018}
}


@misc{Goldsberry.2009,
 author = {Goldsberry, Lonie},
 editor = {GALA},
 year = {2009},
 title = {Six Essentials for Successful Translation Managers},
 url = {https://www.gala-global.org/ondemand/six-essentials-successful-translation-managers}
}


@inproceedings{HassellCorbiell.2001,
 author = {Hassell-Corbiell, R.},
 title = {Developing Globally Correct Content for International Audiences},
 pages = {421--424},
 publisher = {IEEE},
 isbn = {0-7803-7209-3},
 booktitle = {IPCC 2001},
 year = {2001},
 address = {Piscataway, NJ},
 doi = {10.1109/IPCC.2001.971590}
}


@proceedings{InternationalProfessionalCommunicationConference.2001,
 year = {2001},
 title = {IPCC 2001: Communication dimensions : proceedings : IEEE International Professional Communication Conference : Santa Fe, New Mexico, October 24-27, 2001},
 keywords = {Communication of technical information;Congresses;Design;Technical writing;Web publishing;Web sites},
 address = {Piscataway, NJ},
 publisher = {IEEE},
 isbn = {0-7803-7209-3},
 institution = {{International Professional Communication Conference} and {IEEE Professional Communication Society}}
}


@misc{InternetAssignedNumbersAuthority.2018,
 author = {{Internet Assigned Numbers Authority}},
 year = {2018},
 title = {Language Subtag Registry},
 url = {https://www.iana.org/assignments/language-subtag-registry/language-subtag-registry}
}


@inproceedings{Iu.2011,
 author = {Iu, Ming-Yee Christopher},
 title = {Babylscript},
 pages = {197},
 publisher = {ACM},
 isbn = {9781450309424},
 editor = {Lopes, Cristina Videira},
 booktitle = {Proceedings of the ACM international conference companion on Object oriented programming systems languages and applications companion},
 year = {2011},
 address = {New York, NY},
 doi = {10.1145/2048147.2048204}
}


@misc{Janzen.2018,
 author = {{Fabian Wolf}},
 year = {19.10.2018},
 title = {Lokalisierungskonzept f{\"u}r eine Customer Solution durch Movilizer PS},
 address = {Movilizer GmbH~Konrad-Zuse-Ring 30, 68163 Mannheim}
}


@article{Korenjak.1969,
 author = {Korenjak, A. J.},
 year = {1969},
 title = {A Practical Method for Constructing LR (K) Processors},
 url = {http://doi.acm.org.ezproxy-dhma-2.redi-bw.de/10.1145/363269.363281},
 keywords = {ALGOL;context-free language;deterministic language;language processor;LR(k) grammar;parser;syntactic analysis;syntax-directed compiler},
 pages = {613--623},
 volume = {12},
 number = {11},
 issn = {00010782},
 journal = {Communications of the ACM},
 doi = {10.1145/363269.363281}
}


@article{Leiva.2015,
 author = {Leiva, Luis A. and Alabau, Vicent},
 year = {2015},
 title = {Automatic Internationalization for Just In Time Localization of Web-Based User Interfaces},
 pages = {1--32},
 volume = {22},
 number = {3},
 issn = {10730516},
 journal = {ACM Transactions on Computer-Human Interaction},
 doi = {10.1145/2701422}
}


@misc{Lindahl.2011,
 author = {Lindahl, K{\aa}re},
 editor = {GALA},
 year = {2011},
 title = {A Match Made in Globalization Heaven: Will Agile Development Force a Marriage Between Localization and Content Development?},
 url = {https://www.gala-global.org/ondemand/match-made-globalization-heaven-will-agile-development-force-marriage-between-localization#downloads}
}


@misc{Zydron.2007b,
 author = {Zydro{\'n}, Andrzej and {Raya M. Rodolfo} and Bogacki, Bartosz},
 editor = {GALA},
 year = {2007},
 title = {XML:TM 1.0},
 url = {https://www.gala-global.org/xmltm-10}
}


@proceedings{Lopes.2011,
 year = {2011},
 title = {Proceedings of the ACM international conference companion on Object oriented programming systems languages and applications companion},
 keywords = {Computer science},
 address = {New York, NY},
 publisher = {ACM},
 isbn = {9781450309424},
 editor = {Lopes, Cristina Videira},
 institution = {{ACM Special Interest Group on Programming Languages}},
 doi = {10.1145/2048147}
}


@article{Mauro.1999,
 author = {de Mauro, Pancrazio},
 year = {1999},
 title = {Internationalizing Messages in Linux Programs},
 url = {http://dl.acm.org/citation.cfm?id=327697.327701},
 volume = {1999},
 number = {59es},
 issn = {1075-3583},
 journal = {Linux J}
}


@inproceedings{McCormick.2002,
 author = {{McCormick, M., Susan}},
 title = {Exchanging Lexical and Terminological Data with OLIF2},
 url = {http://www.mt-archive.info/00/Aslib-2000-McCormick.pdf},
 booktitle = {Translating and the Computer 22: Proceedings of the Twenty-second international conference...16-17 November 2000. (London: Aslib, 2000)]},
 year = {2000}
}


@article{Melby.2012,
 author = {Melby, Alan K. and Lommel, Arle and Rasmussen, Nathan and Housley, Jason},
 year = {2012},
 title = {The Language Interoperability Portfolio (Linport) Project: Towards an Open, Nonproprietary Format for Packaging Translation Materials},
 pages = {21--35},
 volume = {2},
 issn = {2032-6904},
 journal = {The Journal of Internationalization and Localization},
 doi = {10.1075/jial.2.02mel}
}


@proceedings{Mille.2012,
 year = {2012},
 title = {Proceedings of the 21st international conference companion on World Wide Web},
 keywords = {Computer science},
 address = {New York, NY},
 publisher = {ACM},
 isbn = {9781450312301},
 editor = {Mille, Alain and Gandon, Fabien and Misselis, Jacques and Rabinovich, Michael and Staab, Steffen},
 institution = {{21st World Wide Web Conference 2012} and {ACM Special Interest Group on Hypertext, Hypermedia, and Web}},
 doi = {10.1145/2187980}
}


@misc{Mula.2018,
 author = {De Mula, Jes{\'u}s and {Paul Janzen}},
 year = {2018},
 title = {Movilizer Gradle~Plugin: For~Movelet Development},
 url = {https://honeywellprod.sharepoint.com/teams/MovilizerTraining/Movilizer%20Knowledge%20Transfer/Sessions/2018-08%20Movilizer%20Gradle%20PlugIn/2018-08-24%20Gradle%20Plugin.mp4?csf=1&e=unAxzt},
 address = {Mannheim},
 institutions = {Movilizer}
}


@misc{Phillips.2009,
 author = {Phillips, A. and {Davis M.}},
 editor = {RFC-Editor},
 year = {2009},
 title = {Tags for Identifying Languages},
 url = {http://www.rfc-editor.org/rfc/bcp/bcp47.txt}
}


@misc{Pooley.2008,
 author = {Pooley, David and {Raya M. Rodolfo}},
 editor = {GALA},
 year = {2008},
 title = {SRX 2.0 Specification},
 url = {https://www.gala-global.org/srx-20-april-7-2008}
}


@book{Reineke.2005,
 year = {2005},
 title = {Einf{\"u}hrung in die Softwarelokalisierung},
 url = {http://www.iim.fh-koeln.de/lion2005},
 price = {ca. EUR 39.90, ca. sfr 69.40},
 address = {T{\"u}bingen},
 publisher = {{gnv Narr}},
 isbn = {3823361562},
 editor = {Reineke, Detlef and Schmitz, Klaus-Dirk}
}


@misc{Reynolds.2006,
 author = {Reynolds, Peter and Looby, Bill and Flinter, Stephen and Zydro{\'n}, Andrzej and Bargary, Kevin and Martikainen, Magnus},
 editor = {OASIS},
 year = {2006},
 title = {Translation Web Services Specification 1.0},
 url = {https://www.oasis-open.org/committees/download.php/19160/trans-ws-spec-1.0.2.pdf}
}


@misc{Robie.2017,
 author = {Robie, Jonathan and Dyck, Michael and Spiegel, Josh},
 editor = {W3C},
 year = {2017},
 title = {XML Path Language (XPath) 3.1},
 url = {https://www.w3.org/TR/xpath-3/}
}


@misc{Ronacher.2017,
 author = {Ronacher, Armin},
 year = {2017},
 title = {The Jinja2 template engine},
 url = {https://github.com/pallets/jinja},
 urldate = {17.09.2018}
}


@misc{Roslund.2017,
 author = {Roslund, Lynda},
 editor = {GALA},
 year = {2017},
 title = {Introduction to Best Practices in Data-driven Globalization},
 url = {https://www.gala-global.org/ondemand/best-practices-data-driven-corporate-globalization}
}


@misc{Savourel.2008,
 author = {Savourel, Yves and Kosek, Jirka and Ishida, Richard},
 editor = {W3C},
 year = {2008},
 title = {Best Practices for XML Internationalization},
 url = {https://www.w3.org/TR/xml-i18n-bp/}
}


@incollection{Schaler.2002,
 author = {Schaler, Reinhard},
 title = {Can Translation Companies Survive the Current Economic Climate},
 url = {http://mt-archive.info/Aslib-2002-Schaler.pdf},
 urldate = {2002},
 editor = {ASLIB},
 booktitle = {Translating and the Computer 24 : proceedings of the...International Conference...21-22 November 2002,},
 year = {2002}
}


@misc{Schlegel.2007,
 author = {Schlegel, N. Anna and Klaudinyova, Eva},
 editor = {GALA},
 year = {2007},
 title = {Implementing a Global Content Management System: Some Tips from the Front},
 url = {https://www.gala-global.org/publications/implementing-global-content-management-system-some-tips-front-0}
}


@misc{Schlegel.2016,
 author = {{Schlegel, N., Anna} and Leary, Liesl},
 editor = {GALA},
 year = {2016},
 title = {The Elements of a Great Global Content Strategy},
 url = {https://www.gala-global.org/ondemand/elements-great-global-content-strategy}
}


@book{Schmitz.2000,
 year = {2000},
 title = {Softwarelokalisierung},
 price = {DM 48.00, sfr 44.50, S 350.00},
 keywords = {Softwareengineering;Softwarelokalisation},
 address = {T{\"u}bingen},
 publisher = {Stauffenburg-Verl.},
 isbn = {3860570714},
 series = {Stauffenburg-Handb{\"u}cher},
 editor = {Schmitz, Klaus-Dirk and Wahle, Kirsten}
}


@misc{Schnabel.2014,
 author = {Schnabel, Bryan and Comerford, Tom and Filip, David and {Raya M. Rodolfo} and Savourel, Yves},
 editor = {OASIS},
 year = {2014},
 title = {XLIFF Version 2.0},
 url = {https://docs.oasis-open.org/xliff/xliff-core/v2.0/xliff-core-v2.0.html}
}


@article{Tykhomyrov.2002,
 author = {Tykhomyrov, Olexiy Ye},
 year = {2002},
 title = {Introduction to Internationalization Programming},
 url = {http://dl.acm.org.ezproxy-dhma-1.redi-bw.de/citation.cfm?id=583910.583913},
 pages = {3--},
 volume = {2002},
 number = {103},
 issn = {1075-3583},
 journal = {Linux J}
}


@proceedings{UNESCO.1959,
 year = {1959},
 title = {Proceedings of International Conference on Information Processing,},
 editor = {UNESCO}
}


@article{Unger.1968,
 author = {Unger, Stephen H.},
 year = {1968},
 title = {A Global Parser for Context-free Phrase Structure Grammars},
 url = {http://doi.acm.org.ezproxy-dhma-2.redi-bw.de/10.1145/362991.363001},
 keywords = {context-free grammars;parser;syntactic analysis;syntax-directed compiler;translators},
 pages = {240--247},
 volume = {11},
 number = {4},
 issn = {00010782},
 journal = {Communications of the ACM},
 doi = {10.1145/362991.363001}
}


@misc{Wagner.2017,
 author = {Wagner, Sascha},
 editor = {GALA},
 year = {2017},
 title = {Think Global -- Act Local: Make use of i18n and l10n},
 url = {https://www.gala-global.org/blog/think-global-%E2%80%93-act-local-make-use-i18n-and-l10n}
}


@inproceedings{Wang.2009,
 author = {Wang, Xiaoyin and Zhang, Lu and Xie, Tao and Mei, Hong and Sun, Jiasu},
 title = {TranStrL: An Automatic Need-to-translate String Locator for Software Internationalization},
 url = {http://dx.doi.org/10.1109/ICSE.2009.5070554,  [Titel anhand dieser DOI in Citavi-Projekt übernehmen]},
 pages = {555--558},
 publisher = {{IEEE Computer Society}},
 isbn = {978-1-4244-3453-4},
 series = {ICSE '09},
 booktitle = {Proceedings of the 31st International Conference on Software Engineering},
 year = {2009},
 address = {Washington, DC, USA},
 doi = {10.1109/ICSE.2009.5070554}
}


@misc{Zydron.2007,
 author = {Zydro{\'n}, Andrzej and Walters, David and {Raya M. Rodolfo}},
 editor = {GALA},
 year = {2007},
 title = {GMX-V 1.0: Global Information Management Metrics Volume (GMX-V) 1.0 Specification},
 url = {https://www.gala-global.org/gmx-v-10}
}


@misc{Zydron.2009,
 author = {Zydro{\'n}, Andrzej and {Saldana Derek}},
 editor = {OASIS},
 year = {2009},
 title = {Reference Model for Open Architecture for XML Authoring and Localization 1.0},
 url = {https://www.oasis-open.org/committees/download.php/35736/OASIS%20Open%20Architecture%20for%20XML%20Authoring%20and%20Localization%20Reference%20Model%20(OAXAL).pdf}
}


@misc{Nitschkowski.2016,
	author = {Nitschkowski, Sabrina},
	editor = {Movilizer},
	year = {2016},
	title = {text element},
	url = {https://devtools.movilizer.com/confluence/display/DOC23/text+element}
}


@misc{Nitschkowski.2016b,
	author = {Nitschkowski, Sabrina},
	editor = {Movilizer},
	year = {2016},
	title = {masterdata element},
	address = {https://devtools.movilizer.com/confluence/display/DOC24/masterdata+element}
}


@misc{Nitschkowski.2018,
	author = {Nitschkowski, Sabrina},
	editor = {Movilizer},
	year = {2018},
	title = {setAnswerValueByClientKey method},
	url = {https://devtools.movilizer.com/confluence/display/DOC26/setAnswerValueByClientKey+method}
}

@misc{GNU.,
	editor = {GNU},
	title = {GNU gettext utilities},
	url = {https://www.gnu.org/software/gettext/manual/gettext.html#Aspects}
}


@misc{ISO.2006,
	editor = {ISO},
	year = {2006},
	title = {ISO/IEC 19757-4:2006: Information Technology - Document Schema Definition Languages (DSDL) - Part 4 Namespace-based Validation Dispatching Language (NVDL},
	url = {https://www.iso.org/standard/38615.html}
}


@misc{Nitschkowski.2016c,
	author = {Nitschkowski, Sabrina},
	editor = {Movilizer},
	year = {2016},
	title = {Epsilon screen},
	url = {https://devtools.movilizer.com/confluence/display/DOC21/Epsilon+screen}
}


@misc{Nitschkowski.2018b,
	author = {Nitschkowski, Sabrina},
	editor = {Movilizer},
	year = {2018},
	title = {Message screen},
	url = {https://devtools.movilizer.com/confluence/display/DOC26/Message+screen}
}


@proceedings{.20.04.201821.04.2018,
	year = {20.04.2018 - 21.04.2018},
	title = {2018 Second International Conference on Inventive Communication and Computational Technologies (ICICCT)},
	publisher = {IEEE},
	isbn = {978-1-5386-1974-2}
}


@book{Hoda.2015,
	author = {Hoda, M. N.},
	year = {2015},
	title = {2nd International Conference on Computing for Sustainable Global Development (INDIACom), 2015: New Delhi, India, 11 - 13 March 2015},
	url = {http://ieeexplore.ieee.org/servlet/opac?punumber=7088896},
	address = {Piscataway, NJ},
	publisher = {IEEE},
	isbn = {978-9-3805-4416-8},
	institution = {{Bharati Vidyapeeth's Institute of Computers Applications and Management} and {Institute of Electrical and Electronics Engineers} and {International Conference on Computing for Sustainable Global Development} and INDIACom}
}


@inproceedings{Suresh.2018,
	author = {Suresh, Aparna and George, A.K},
	title = {Performance Analysis of Various Combination Sorting Algotirthms for Large Dataset to fit to a Multi-Core Architecture},
	pages = {51--56},
	publisher = {IEEE},
	isbn = {978-1-5386-1974-2},
	booktitle = {2018 Second International Conference on Inventive Communication and Computational Technologies (ICICCT)},
	year = {2018},
	doi = {10.1109/ICICCT.2018.8472956}
}


@article{Presser.1972,
	author = {Presser, Leon and White, John R.},
	year = {1972},
	title = {Linkers and Loaders},
	pages = {149--167},
	volume = {4},
	number = {3},
	issn = {03600300},
	journal = {ACM Computing Surveys},
	doi = {10.1145/356603.356605}
}


% This file was created with Citavi 6.2.0.12

@book{Pressman.2005,
	author = {Pressman, Roger S.},
	year = {2005},
	title = {Software engineering: A practitioner's approach},
	address = {Boston, Mass},
	edition = {6th ed.},
	publisher = {McGraw-Hill},
	isbn = {0-07-285318-2}
}





@book{Sommerville.2007,
	author = {Sommerville, Ian},
	year = {2007},
	title = {Software engineering},
	address = {Harlow},
	edition = {8. ed.},
	publisher = {Addison-Wesley},
	isbn = {0321313798},
	series = {International computer science series}
}





@article{Ellison.1994,
	author = {Ellison, Paul},
	year = {1994},
	title = {Introduction to SGML Concepts},
	url = {https://ieeexplore.ieee.org/document/369727}
}


@misc{Reiner.1991,
	author = {Reiner, Ulrike},
	year = {1991},
	title = {Anfragesprachen  f{\"u}r  Informationssysteme},
	address = {Frankfurt am Main},
	series = {Informationswissenschaft der DGD},
	editor = {{Deutsche Gesellschaft f{\"u}r Dokumentation}}
}


@phdthesis{Willenborg.2001,
	author = {Willenborg, Josef},
	year = {2001},
	title = {Anfragesprachen f{\"u}r Internet-Informationssysteme},
	url = {http://www.josef-willenborg.de/publications/dissertation.pdf},
	type = {Dissertation}
}


@proceedings{Neerincx.2010b,
	year = {2010},
	title = {Proceedings of the 28th Annual European Conference on Cognitive Ergonomics - ECCE '10},
	address = {New York, New York, USA},
	publisher = {{ACM Press}},
	isbn = {9781605589466},
	editor = {Neerincx, Mark and Brinkman, Willem-Paul},
	doi = {10.1145/1962300}
}


@inproceedings{OBrien.2010,
	author = {O'Brien, Sharon and O'Hagan, Minako and Flanagan, Marian},
	title = {Keeping an eye on the UI design of Translation Memory},
	pages = {187},
	publisher = {{ACM Press}},
	isbn = {9781605589466},
	editor = {Neerincx, Mark and Brinkman, Willem-Paul},
	booktitle = {Proceedings of the 28th Annual European Conference on Cognitive Ergonomics - ECCE '10},
	year = {2010},
	address = {New York, New York, USA},
	doi = {10.1145/1962300.1962338}
}


@article{Barrachina.2009,
	author = {Barrachina, Sergio and Bender, Oliver and Casacuberta, Francisco and Civera, Jorge and Cubel, Elsa and Khadivi, Shahram and Lagarda, Antonio and Ney, Hermann and Tom{\'a}s, Jes{\'u}s and Vidal, Enrique and Vilar, Juan-Miguel},
	year = {2009},
	title = {Statistical Approaches to Computer-Assisted Translation},
	pages = {3--28},
	volume = {35},
	number = {1},
	issn = {0891-2017},
	journal = {Computational Linguistics},
	doi = {10.1162/coli.2008.07-055-R2-06-29}
}


@proceedings{.24.07.201727.07.2017,
	year = {24.07.2017 - 27.07.2017},
	title = {2017 IEEE 19th Conference on Business Informatics (CBI)},
	publisher = {IEEE},
	isbn = {978-1-5386-3035-8}
}


@inproceedings{Sintoris.2017,
	author = {Sintoris, Konstantinos and Vergidis, Kostas},
	title = {Extracting Business Process Models Using Natural Language Processing (NLP) Techniques},
	pages = {135--139},
	publisher = {IEEE},
	isbn = {978-1-5386-3035-8},
	booktitle = {2017 IEEE 19th Conference on Business Informatics (CBI)},
	year = {2017},
	doi = {10.1109/CBI.2017.41}
}


@misc{Nitschkowski.2018c,
	author = {Nitschkowski, Sabrina},
	editor = {Movilizer},
	year = {2018},
	title = {Introduction to the Movilizer},
	url = {https://devtools.movilizer.com/confluence/display/DOC26/Introduction+to+the+Movilizer}
}


@misc{Nitschkowski.2018d,
	author = {Nitschkowski, Sabrina},
	editor = {Movilizer},
	year = {2018},
	title = {Introduction to master data},
	url = {https://devtools.movilizer.com/confluence/display/DOC26/Introduction+to+master+data}
}


@misc{Nitschkowski.2015,
	author = {Nitschkowski, Sabrina},
	editor = {Movilizer},
	year = {2015},
	title = {Movilizer XML reference},
	url = {https://devtools.movilizer.com/confluence/display/DOC24/Movilizer+XML+reference}
}

@misc{Nitschkowski.2018e,
	author = {Nitschkowski, Sabrina},
	editor = {Movilizer},
	year = {2018},
	title = {Introduction to the Movilizer Expression Language},
	url = {https://devtools.movilizer.com/confluence/display/DOC26/Introduction+to+the+Movilizer+Expression+Language}
}


@misc{Nitschkowski.2015b,
	author = {Nitschkowski, Sabrina},
	editor = {Movilizer},
	year = {2015},
	title = {Introduction to MEL execution},
	url = {https://devtools.movilizer.com/confluence/display/DOC21DRAFT/Introduction++to+MEL+execution}
}


@misc{Nitschkowski.2018f,
	author = {Nitschkowski, Sabrina},
	editor = {Movilizer},
	year = {2018},
	title = {concat methode},
	url = {https://devtools.movilizer.com/confluence/display/DOC26/concat+method}
}


@misc{Nitschkowski.2018g,
	author = {Nitschkowski, Sabrina},
	editor = {Movilizer},
	year = {2018},
	title = {String MEL values},
	url = {https://devtools.movilizer.com/confluence/display/DOC26/String+MEL+values}
}


@misc{Nitschkowski.2018h,
	author = {Nitschkowski, Sabrina},
	editor = {Movilizer},
	year = {2018},
	title = {MEL methods},
	url = {https://devtools.movilizer.com/confluence/display/DOC26/MEL+methods}
}


