@article{Adhikari.2019,
 author = {Adhikari, Ashutosh and Ram, Achyudh and Tang, Raphael and Lin, Jimmy},
 year = {2019},
 title = {Rethinking Complex Neural Network Architectures for Document Classification},
 url = {https://www.aclweb.org/anthology/N19-1408},
 pages = {4046--4051},
 doi = {10.18653/v1/N19-1408}
}


@article{Akbik.2019,
 author = {Akbik, Alan and Bergmann, Tanja and Blythe, Duncan and Rasul, Kashif and Schweter, Stefan and Vollgraf, Roland},
 title = {FLAIR: An Easy-to-Use Framework for State-of-the-Art NLP},
 url = {https://www.aclweb.org/anthology/N19-4010},
 pages = {54--59},
 doi = {10.18653/v1/N19-4010}
}


@article{Amin.2018,
 author = {Amin, Muhammad Zain and Nadeem, Noman},
 year = {2018},
 title = {Convolutional Neural Network: Text Classification Model for Open Domain  Question Answering System},
 url = {http://arxiv.org/abs/1809.02479},
 volume = {abs/1809.02479},
 journal = {CoRR}
}


@article{Amplayo.2018,
 author = {Amplayo, Reinald Kim and Lee, Kyungjae and Yeo, Jinyeong and Hwang, Seung-won},
 year = {2018},
 title = {Translations as Additional Contexts for Sentence Classification},
 url = {http://arxiv.org/abs/1806.05516},
 volume = {abs/1806.05516},
 journal = {CoRR}
}


@article{Arnold.2019,
 author = {Arnold, Sebastian and Schneider, Rudolf and Cudr{\'e}-Mauroux, Philippe and Gers, Felix A. and L{\"o}ser, Alexander},
 year = {2019},
 title = {SECTOR: A Neural Model for Coherent Topic Segmentation and Classification},
 url = {http://arxiv.org/abs/1902.04793},
 volume = {abs/1902.04793},
 journal = {CoRR}
}


@article{Asim.2019,
 author = {Asim, Muhammad Nabeel and Khan, Muhammad Usman Ghani and Malik, Muhammad Imran and Dengel, Andreas and Ahmed, Sheraz},
 year = {2019},
 title = {A Robust Hybrid Approach for Textual Document Classification},
 url = {https://arxiv.org/pdf/1909.05478}
}


@article{Baharudin.2010,
 author = {Baharudin, Baharum and Lee, Lam Hong and Khan, Khairullah and Khan, Aurangzeb},
 year = {2010},
 title = {A Review of Machine Learning Algorithms for Text-Documents Classification},
 url = {http://www.jait.us/index.php?m=content&c=index&a=show&catid=160&id=859},
 volume = {1},
 journal = {Journal of Advances in Information Technology},
 doi = {10.4304/jait.1.1.4-20}
}


@article{Baker.2016,
 author = {Baker, Simon and Korhonen, Anna and Pyysalo, Sampo},
 year = {2016},
 title = {Cancer Hallmark Text Classification Using Convolutional Neural Networks},
 url = {https://www.aclweb.org/anthology/W16-5101},
 pages = {1--9},
 journal = {Proceedings of the Fifth Workshop on Building and Evaluating Resources for Biomedical Text Mining}
}


@article{Baumel.2017,
 author = {Baumel, Tal and Nassour-Kassis, Jumana and Elhadad, Michael and Elhadad, No{\'e}mie},
 year = {2017},
 title = {Multi-Label Classification of Patient Notes a Case Study on ICD  Code Assignment},
 url = {http://arxiv.org/abs/1709.09587},
 volume = {abs/1709.09587},
 journal = {CoRR}
}


@article{Baziotis.2017,
 author = {Baziotis, Christos and Pelekis, Nikos and Doulkeridis, Christos},
 title = {DataStories at SemEval-2017 Task 4: Deep LSTM with Attention for Message-level and Topic-based Sentiment Analysis},
 url = {https://www.aclweb.org/anthology/S17-2126},
 pages = {747--754},
 doi = {10.18653/v1/S17-2126}
}


@article{Boureau.2010,
 author = {Boureau, Y-Lan and Bach, Francis and LeCun, Yann and Ponce, Jean},
 year = {2010},
 title = {Learning Mid-Level Features For Recognition},
 url = {http://citeseerx.ist.psu.edu/viewdoc/download?doi=10.1.1.205.8511&rep=rep1&type=pdf},
 pages = {2559--2566},
 journal = {Computer Vision and Pattern Recognition (CVPR), 2010 IEEE Conference}
}


@book{Bousquet.2004,
 year = {2004},
 title = {Advanced Lectures on Machine Learning},
 url = {https://link.springer.com/book/10.1007%2Fb100712},
 address = {Berlin, Heidelberg},
 publisher = {{Springer Berlin Heidelberg}},
 isbn = {978-3-540-23122-6},
 series = {Lecture Notes in Computer Science},
 editor = {Bousquet, Olivier and von Luxburg, Ulrike and R{\"a}tsch, Gunnar},
 doi = {10.1007/b100712}
}


@article{CamachoCollados.2017,
 author = {Camacho-Collados, Jos{\'e} and Pilehvar, Mohammad Taher},
 year = {2017},
 title = {On the Role of Text Preprocessing in Neural Network Architectures:  An Evaluation Study on Text Categorization and Sentiment Analysis},
 url = {http://arxiv.org/abs/1707.01780},
 volume = {abs/1707.01780},
 journal = {CoRR}
}


@article{Cer.2018,
 author = {Cer, Daniel and Yang, Yinfei and Kong, Sheng-yi and Hua, Nan and Limtiaco, Nicole and {St. John}, Rhomni and Constant, Noah and Guajardo-Cespedes, Mario and Yuan, Steve and Tar, Chris and Sung, Yun-Hsuan and Strope, Brian and Kurzweil, Ray},
 year = {2018},
 title = {Universal Sentence Encoder},
 url = {http://arxiv.org/abs/1803.11175},
 volume = {abs/1803.11175},
 journal = {CoRR}
}


@article{Chalkidis.2019,
 author = {Chalkidis, Ilias and Fergadiotis, Manos and Malakasiotis, Prodromos and Androutsopoulos, Ion},
 year = {2019},
 title = {Large-Scale Multi-Label Text Classification on EU Legislation},
 url = {http://arxiv.org/abs/1906.02192},
 volume = {abs/1906.02192},
 journal = {CoRR}
}


@article{Chalkidis.2019b,
 author = {Chalkidis, Ilias and Fergadiotis, Emmanouil and Malakasiotis, Prodromos and Aletras, Nikolaos and Androutsopoulos, Ion},
 year = {2019},
 title = {Extreme Multi-Label Legal Text Classification: A Case Study in EU Legislation},
 url = {https://www.aclweb.org/anthology/W19-2209},
 pages = {78--87},
 journal = {Proceedings of the Natural Legal Language Processing Workshop 2019},
 doi = {10.18653/v1/W19-2209}
}


@article{Chalkidis.2019c,
 author = {Chalkidis, Ilias and Androutsopoulos, Ion and Aletras, Nikolaos},
 year = {2019},
 title = {Neural Legal Judgment Prediction in English},
 url = {https://www.aclweb.org/anthology/P19-1424},
 pages = {4317--4323},
 journal = {Proceedings of the 57th Annual Meeting of the Association for Computational Linguistics},
 doi = {10.18653/v1/P19-1424}
}


@article{Chang.2019,
 author = {Chang, Wei-Cheng and Yu, Hsiang-Fu and Zhong, Kai and Yang, Yiming and Dhillon, Inderjit S.},
 year = {2019},
 title = {X-BERT: eXtreme Multi-label Text Classification with BERT},
 url = {http://arxiv.org/abs/1905.02331},
 volume = {abs/1905.02331},
 journal = {CoRR}
}


@article{Chen.2017,
 author = {Chen, Guibin and Ye, Deheng and Xing, Zhenchang and Chen, Jieshan and Cambria, Erik},
 year = {2017},
 title = {Ensemble application of convolutional and recurrent neural networks for multi-label text categorization},
 url = {http://ieeexplore.ieee.org/document/7966144/},
 pages = {2377--2383},
 journal = {2017 International Joint Conference on Neural Networks (IJCNN)},
 doi = {10.1109/IJCNN.2017.7966144}
}


@article{Clark.2019,
 author = {Clark, Kevin and Luong, Minh-Thang and Khandelwal, Urvashi and Manning, Christopher D. and {Le V}, Quoc},
 year = {2019},
 title = {BAM! Born-Again Multi-Task Networks for Natural Language Understanding},
 url = {http://arxiv.org/abs/1907.04829},
 volume = {abs/1907.04829},
 journal = {CoRR}
}


@article{Cliche.2017,
 author = {Cliche, Mathieu},
 year = {2017},
 title = {BB{\_}twtr at SemEval-2017 Task 4: Twitter Sentiment Analysis with  CNNs and LSTMs},
 url = {http://arxiv.org/abs/1704.06125},
 volume = {abs/1704.06125},
 journal = {CoRR}
}


@article{Conneau.2016,
 author = {Conneau, Alexis and Schwenk, Holger and Barrault, Lo{\"i}c and LeCun, Yann},
 year = {2016},
 title = {Very Deep Convolutional Networks for Text Classification},
 url = {http://arxiv.org/abs/1606.01781},
 volume = {abs/1606.01781},
 journal = {CoRR}
}


@article{Dai.2015,
 author = {Dai, Andrew M. and {Le V}, Quoc},
 year = {2015},
 title = {Semi-supervised Sequence Learning},
 url = {http://arxiv.org/abs/1511.01432},
 volume = {abs/1511.01432},
 journal = {CoRR}
}


@article{Dernoncourt.2017,
 author = {Dernoncourt, Franck and Lee, Ji Young and Szolovits, Peter},
 year = {2017},
 title = {Neural Networks for Joint Sentence Classification in Medical Paper Abstracts},
 url = {http://aclweb.org/anthology/E17-2},
 pages = {694--700},
 journal = {Proceedings of the 15th Conference of the European Chapter of the},
 doi = {10.18653/v1/E17-2110}
}


@article{Devlin.2018,
 author = {Devlin, Jacob and Chang, Ming-Wei and Lee, Kenton and Toutanova, Kristina},
 year = {2018},
 title = {BERT: Pre-training of Deep Bidirectional Transformers for Language  Understanding},
 url = {http://arxiv.org/abs/1810.04805},
 volume = {abs/1810.04805},
 journal = {CoRR}
}


@article{Elman.1990,
 author = {Elman, Jefrey L.},
 year = {1990},
 title = {Finding Structure in Time},
 url = {https://crl.ucsd.edu/~elman/Papers/fsit.pdf},
 pages = {179--211},
 journal = {Cognitive Science 14}
}


@article{Gao.2018,
 author = {Gao, Shang and Ramanathan, Arvind and Tourassi, Georgia},
 year = {2018},
 title = {Hierarchical Convolutional Attention Networks for Text Classification},
 url = {https://aclweb.org/anthology/W18-3002/},
 pages = {11--23},
 journal = {Proceedings of The Third Workshop on Representation Learning for NLP},
 doi = {10.18653/v1/W18-3002}
}


@incollection{Ghahramani.2004,
 author = {Ghahramani, Zoubin},
 title = {Unsupervised Learning},
 url = {https://link.springer.com/chapter/10.1007%2F978-3-540-28650-9_5},
 pages = {72--112},
 volume = {3176},
 publisher = {{Springer Berlin Heidelberg}},
 isbn = {978-3-540-23122-6},
 series = {Lecture Notes in Computer Science},
 editor = {Bousquet, Olivier and von Luxburg, Ulrike and R{\"a}tsch, Gunnar},
 booktitle = {Advanced Lectures on Machine Learning},
 year = {2004},
 address = {Berlin, Heidelberg},
 doi = {10.1007/978-3-540-28650-9{\textunderscore }5}
}


@article{Giannakopoulos.2019,
 author = {Giannakopoulos, Athanasios and Coriou, Maxime and Hossmann, Andreea and Baeriswyl, Michael and Musat, Claudiu},
 year = {2019},
 title = {Resilient Combination of Complementary CNN and RNN Features for  Text Classification through Attention and Ensembling},
 url = {http://arxiv.org/abs/1903.12157},
 volume = {abs/1903.12157},
 journal = {CoRR}
}


@article{Hassan.2017,
 author = {Hassan, Abdalraouf and Mahmood, Ausif},
 year = {207},
 title = {Deep learning for sentence classification},
 url = {http://ieeexplore.ieee.org/document/8001979/},
 pages = {1--5},
 journal = {2017 IEEE Long Island Systems, Applications and Technology Conference (LISAT)},
 doi = {10.1109/LISAT.2017.8001979}
}


@article{Hassan.2017b,
 author = {Hassan, Abdalraouf and Mahmood, Ausif},
 title = {Efficient Deep Learning Model for Text Classification Based on Recurrent and Convolutional Layers},
 url = {http://ieeexplore.ieee.org/document/8260793/},
 pages = {1108--1113},
 volume = {2017},
 journal = {16th IEEE International Conference on Machine Learning and Applications},
 doi = {10.1109/ICMLA.2017.00009}
}


@article{Hassan.2018,
 author = {Hassan, Abdalraouf and Mahmood, Ausif},
 year = {2018},
 title = {Convolutional Recurrent Deep Learning Model for Sentence Classification},
 url = {https://ieeexplore.ieee.org/document/8314136},
 pages = {13949--13957},
 volume = {6},
 journal = {IEEE Access},
 doi = {10.1109/ACCESS.2018.2814818}
}


@article{Hoa.2017,
 author = {{Le Hoa}, T. and Cerisara, Christophe and Alexandre, Denis},
 year = {2017},
 title = {Do Convolutional Networks need to be Deep for Text Classification ?},
 url = {https://www.aaai.org/ocs/index.php/WS/AAAIW18/paper/viewPaper/16578},
 journal = {AAAI Workshops}
}


@article{Hornik.1989,
 author = {Hornik, Kurt and Stinchcombe, Maxwell and White, Halbert},
 year = {1989},
 title = {Multilayer feedforward networks are universal approximators},
 url = {https://www.sciencedirect.com/science/article/abs/pii/0893608089900208?via%3Dihub},
 pages = {359--366},
 volume = {2},
 number = {5},
 issn = {08936080},
 journal = {Neural Networks},
 doi = {10.1016/0893-6080(89)90020-8}
}


@article{Hou.2019,
 author = {Hou, Yufang and Jochim, Charles and Gleize, Martin and Bonin, Francesca and Ganguly, Debasis},
 year = {2019},
 title = {Identification of Tasks, Datasets, Evaluation Metrics, and Numeric  Scores for Scientific Leaderboards Construction},
 url = {http://arxiv.org/abs/1906.09317},
 volume = {abs/1906.09317},
 journal = {CoRR}
}


@article{Howard.2018,
 author = {Howard, Jeremy and Ruder, Sebastian},
 year = {2018},
 title = {Universal Language Model Fine-tuning for Text Classification},
 url = {http://arxiv.org/abs/1801.06146},
 volume = {abs/1801.06146},
 journal = {CoRR}
}


@article{Howe.2019,
 author = {Howe, Jerrold Soh Tsin and Khang, Lim How and Chai, Ian Ernst},
 year = {2019},
 title = {Legal Area Classification: A Comparative Study of Text Classifiers  on Singapore Supreme Court Judgments},
 url = {http://arxiv.org/abs/1904.06470},
 volume = {abs/1904.06470},
 journal = {CoRR}
}


@article{Hsu.2018,
 author = {Hsu, Tzuhan and Zhang, Yaoqin},
 year = {2018},
 title = {Petroleum Engineering Data Text Classification Using Convolutional Neural Network Based Classifier},
 url = {http://dl.acm.org/citation.cfm?doid=3231884},
 pages = {63--68},
 journal = {2018 International Conference on Machine Learning Technologies},
 doi = {10.1145/3231884.3231898}
}


@article{Hu.2018,
 author = {Hu, Yibo and Yi, Yang and Yang, Tao and Pan, Quan},
 year = {2018},
 title = {Short Text Classification with A Convolutional Neural Networks Based Method},
 url = {https://ieeexplore.ieee.org/document/8581332/},
 pages = {1432--1435},
 journal = {2018 15th International Conference on Control, Automation, Robotics and Vision (ICARCV)},
 doi = {10.1109/ICARCV.2018.8581332}
}


@article{Huang.2017,
 author = {Huang, Zhengjie and Ye, Zi and Li, Shuangyin and Pan, Rong},
 year = {2017},
 title = {Length Adaptive Recurrent Model for Text Classification},
 url = {http://dl.acm.org/citation.cfm?doid=3132847},
 pages = {1019--1027},
 journal = {Proceedings of the 2017 ACM Conference on Information and Knowledge Management : November 6-10, 2017, Singapore},
 doi = {10.1145/3132847.3132947}
}


@article{Huang.2019,
 author = {Huang, Ting and Shen, Gehui and Deng, Zhi-Hong},
 year = {2019},
 title = {Leap-LSTM: Enhancing Long Short-Term Memory for Text Categorization},
 url = {http://arxiv.org/abs/1905.11558},
 volume = {abs/1905.11558},
 journal = {CoRR}
}


@article{Iyyer.2015,
 author = {Iyyer, Mohit and Manjunatha, Varun and Boyd-Graber, Jordan and {Daum{\'e} III}, Hal},
 year = {2015},
 title = {Deep Unordered Composition Rivals Syntactic Methods for Text Classification},
 url = {https://aclweb.org/anthology/P15-1162/},
 pages = {1681--1691},
 journal = {Proceedings of the 53rd Annual Meeting of the Association for Computational Linguistics and the 7th International Joint Conference on Natural Language Processing (Volume 1: Long Papers)},
 doi = {10.3115/v1/P15-1162}
}


@article{Jiang.2019,
 author = {Jiang, Jun and Pang, Shumao and Zhao, Xia and Wang, Liwei and Wen, Andrew and Liu, Hongfang and Feng, Qianjin},
 year = {2019},
 title = {Cross-lingual Data Transformation and Combination for Text Classification},
 url = {http://arxiv.org/abs/1906.09543},
 volume = {abs/1906.09543},
 journal = {CoRR}
}


@article{Johnson.2014,
 author = {Johnson, Rie and Zhang, Tong},
 year = {2014},
 title = {Effective Use of Word Order for Text Categorization with Convolutional  Neural Networks},
 url = {http://arxiv.org/abs/1412.1058},
 volume = {abs/1412.1058},
 journal = {CoRR}
}


@article{Johnson.2015,
 author = {Johnson, Rie and Zhang, Tong},
 title = {Semi-supervised Convolutional Neural Networks for Text Categorization via Region Embedding},
 url = {http://papers.nips.cc/paper/5849-semi-supervised-convolutional-neural-networks-for-text-categorization-via-region-embedding.pdf},
 pages = {919--927},
 journal = {Advances in Neural Information Processing Systems 28},
 year = {2015}
}


@article{Johnson.2016,
 author = {Johnson, Rie and Zhang, Tong},
 year = {2016},
 title = {Supervised and Semi-Supervised Text Categorization using LSTM for Region  Embeddings},
 url = {http://arxiv.org/pdf/1602.02373v2},
 keywords = {Computer Science - Computation and Language;Computer Science - Learning;Statistics - Machine Learning}
}


@article{Johnson.2017,
 author = {Johnson, Rie and Zhang, Tong},
 title = {Deep Pyramid Convolutional Neural Networks for Text Categorization},
 url = {https://www.aclweb.org/anthology/P17-1052},
 pages = {562--570},
 doi = {10.18653/v1/P17-1052},
 year = {2017}
}


@article{Joshi.2019,
 author = {Joshi, Mandar and Chen, Danqi and Liu, Yinhan and Weld, Daniel S. and Zettlemoyer, Luke and Levy, Omer},
 year = {2019},
 title = {SpanBERT: Improving Pre-training by Representing and Predicting Spans},
 url = {http://arxiv.org/abs/1907.10529},
 volume = {abs/1907.10529},
 journal = {CoRR}
}


@article{Joulin.2016,
 author = {Joulin, Armand and Grave, Edouard and Bojanowski, Piotr and Mikolov, Tomas},
 year = {2016},
 title = {Bag of Tricks for Efficient Text Classification},
 url = {http://arxiv.org/abs/1607.01759},
 volume = {abs/1607.01759},
 journal = {CoRR}
}


@article{Joulin.2016b,
 author = {Joulin, Armand and Grave, Edouard and Bojanowski, Piotr and Douze, Matthijs and J{\'e}gou, Herv{\'e} and Mikolov, Tomas},
 year = {2016},
 title = {FastText.zip: Compressing text classification models},
 url = {http://arxiv.org/abs/1612.03651},
 volume = {abs/1612.03651},
 journal = {CoRR}
}


@article{Kabir.2019,
 author = {Kabir, Md Yasin and Madria, Sanjay},
 year = {2019},
 title = {A Deep Learning Approach for Tweet Classification and Rescue Scheduling for Effective Disaster Management},
 url = {https://arxiv.org/abs/1908.01456},
 volume = {abs/1908.01456},
 journal = {ArXiv}
}


@article{Kamath.2018,
 author = {Kamath, Cannannore Nidhi and Bukhari, Syed Saqib and Dengel, Andreas},
 year = {2018},
 title = {Comparative Study between Traditional Machine Learning and Deep Learning Approaches for Text Classification},
 url = {https://dl.acm.org/citation.cfm?id=3209526},
 pages = {1--11},
 journal = {Proceedings of the ACM Symposium on Document Engineering 2018},
 doi = {10.1145/3209280.3209526}
}


@article{Kant.2018,
 author = {Kant, Neel and Puri, Raul and Yakovenko, Nikolai and Catanzaro, Bryan},
 year = {2018},
 title = {Practical Text Classification With Large Pre-Trained Language Models},
 url = {https://arxiv.org/abs/1812.01207},
 volume = {abs/1812.01207},
 journal = {ArXiv}
}


@article{Kim.2014,
 author = {Kim, Yoon},
 year = {2014},
 title = {Convolutional Neural Networks for Sentence Classification},
 url = {http://arxiv.org/abs/1408.5882},
 volume = {abs/1408.5882},
 journal = {CoRR}
}


@article{Kim.2019,
 author = {Kim, Kang-Min and Kim, Yeachan and Lee, Jungho and Lee, Ji-Min and Lee, SangKeun},
 year = {2019},
 title = {From Small-scale to Large-scale Text Classification},
 url = {http://dl.acm.org/citation.cfm?doid=3308558},
 pages = {853--862},
 journal = {The World Wide Web Conference on   - WWW '19},
 doi = {10.1145/3308558.3313563}
}


@article{Kowsari.2018,
 author = {Kowsari, Kamran and Heidarysafa, Mojtaba and Brown, Donald E. and Meimandi, Kiana Jafari and Barnes, Laura E.},
 year = {2018},
 title = {RMDL: Random Multimodel Deep Learning for Classification},
 url = {http://arxiv.org/abs/1805.01890},
 volume = {abs/1805.01890},
 journal = {CoRR}
}


@article{Krause.2017,
 author = {Krause, Thomas},
 year = {2017},
 title = {Towards the Improvement of Automated Scientific Document Categorization  by Deep Learning},
 url = {http://arxiv.org/abs/1706.05719},
 volume = {abs/1706.05719},
 journal = {CoRR}
}


@article{Lai.2015,
 author = {Lai, Siwei and Xu, Liheng and Liu, Kang and Zhao, Jun},
 year = {2015},
 title = {Recurrent Convolutional Neural Networks for Text Classification},
 url = {https://www.aaai.org/ocs/index.php/AAAI/AAAI15/paper/view/9745},
 keywords = {neural network;text classification;word embedding}
}


@article{Lan.2019,
 author = {Lan, Zhenzhong and Chen, Mingda and Goodman, Sebastian and Gimpel, Kevin and Sharma, Piyush and Soricut, Radu},
 year = {2019},
 title = {ALBERT: A Lite BERT for Self-supervised Learning of Language Representations},
 url = {https://arxiv.org/abs/1909.11942}
}


@article{LeClair.2018,
 author = {LeClair, Alexander and Eberhart, Zachary and McMillan, Collin},
 year = {2018},
 title = {Adapting Neural Text Classification for Improved Software Categorization},
 url = {http://arxiv.org/abs/1806.01742},
 volume = {abs/1806.01742},
 journal = {CoRR}
}


@article{LeCun.1998,
 author = {LeCun, Yann and {L{\'e}on Bottou} and Bengio, Yoshua and Haffner, Patrick},
 year = {1998},
 title = {Gradient-Based Learning Applied to Document Recognition},
 url = {http://yann.lecun.com/exdb/publis/pdf/lecun-01a.pdf},
 journal = {Proceedings of the IEEE, November 1998}
}


@article{LeCun.2015,
 author = {LeCun, Yann and Bengio, Yoshua and Hinton, Geoffrey},
 year = {2015},
 title = {Deep learning},
 url = {https://www.nature.com/articles/nature14539},
 pages = {436--444},
 volume = {521},
 number = {7553},
 journal = {Nature},
 doi = {10.1038/nature14539}
}


@article{Lee.2016,
 author = {Lee, Ji Young and Dernoncourt, Franck},
 year = {2016},
 title = {Sequential Short-Text Classification with Recurrent and Convolutional Neural Networks},
 url = {https://www.aclweb.org/anthology/N16-1062},
 pages = {515--520},
 journal = {Proceedings of the 2016 Conference of the North American Chapter of the Association for Computational Linguistics: Human Language Technologies},
 doi = {10.18653/v1/N16-1062}
}


@article{Lee.2018,
 author = {Lee, Younghun and Yoon, Seunghyun and Jung, Kyomin},
 year = {2018},
 title = {Comparative Studies of Detecting Abusive Language on Twitter},
 url = {http://arxiv.org/abs/1808.10245},
 volume = {abs/1808.10245},
 journal = {CoRR}
}


@article{Lenc.2017,
 author = {Lenc, Ladislav and Kr{\'a}l, Pavel},
 year = {2017},
 title = {Deep Neural Networks for Czech Multi-label Document Classification},
 url = {http://arxiv.org/abs/1701.03849},
 volume = {abs/1701.03849},
 journal = {CoRR}
}


@article{Li.2017,
 author = {Li, Christy Y. and Konomis, Dimitris and Neubig, Graham and Xie, Pengtao and Cheng, Carol and Xing, Eric P.},
 year = {2017},
 title = {Convolutional Neural Networks for Medical Diagnosis from Admission  Notes},
 url = {http://arxiv.org/abs/1712.02768},
 volume = {abs/1712.02768},
 journal = {CoRR}
}


@article{Liang.2019,
 author = {Liang, Qiancheng and Wu, Ping and Huang, Chaoyi},
 year = {2019},
 title = {An Efficient Method for Text Classification Task},
 url = {http://dl.acm.org/citation.cfm?doid=3341620},
 pages = {92--97},
 journal = {Proceedings of the 2019 International Conference on Big Data Engineering (BDE 2019)  - BDE 2019},
 doi = {10.1145/3341620.3341631}
}


@article{Lin.2017,
 author = {Lin, Zhouhan and Feng, Minwei and Santos, Cicero Nogueira dos and Yu, Mo and Xiang, Bing and Zhou, Bowen and Bengio, Yoshua},
 year = {2017},
 title = {A Structured Self-attentive Sentence Embedding},
 url = {http://arxiv.org/abs/1703.03130},
 volume = {abs/1703.03130},
 journal = {CoRR}
}


@article{Lin.2018,
 author = {Lin, Junyang and Su, Qi and Yang, Pengcheng and Ma, Shuming and Sun, Xu},
 year = {2018},
 title = {Semantic-Unit-Based Dilated Convolution for Multi-Label Text Classification},
 url = {http://arxiv.org/abs/1808.08561},
 volume = {abs/1808.08561},
 journal = {CoRR}
}


@article{Liu.2016,
 author = {Liu, Pengfei and Qiu, Xipeng and Huang, Xuanjing},
 year = {2016},
 title = {Recurrent Neural Network for Text Classification with Multi-Task Learning},
 url = {http://arxiv.org/abs/1605.05101},
 volume = {abs/1605.05101},
 journal = {CoRR}
}


@article{Liu.2017,
 author = {Liu, Jingzhou and Chang, Wei-Cheng and Wu, Yuexin and Yang, Yiming},
 year = {2017},
 title = {Deep Learning for Extreme Multi-label Text Classification},
 url = {http://dl.acm.org/citation.cfm?doid=3077136},
 pages = {115--124},
 journal = {Proceedings of the 40th International ACM SIGIR Conference on Research and Development in Information Retrieval : August 7-11, 2017, Shinjuku, Tokyo, Japan},
 doi = {10.1145/3077136.3080834}
}


@article{Liu.2018,
 author = {Liu, Jingshu and Zhang, Zachariah and Razavian, Narges},
 year = {2018},
 title = {Deep EHR: Chronic Disease Prediction Using Medical Notes},
 url = {http://proceedings.mlr.press/v85/liu18b.html},
 pages = {440--464},
 volume = {85},
 journal = {Proceedings of the 3rd Machine Learning for Healthcare Conference}
}


@article{Liu.2019,
 author = {Liu, Yinhan and Ott, Myle and Goyal, Naman and {Du Jingfei} and Joshi, Mandar and Chen, Danqi and Levy, Omer and Lewis, Mike and Zettlemoyer, Luke and Stoyanov, Veselin},
 year = {2019},
 title = {RoBERTa: A Robustly Optimized BERT Pretraining Approach},
 url = {http://arxiv.org/abs/1907.11692},
 volume = {abs/1907.11692},
 journal = {CoRR}
}


@article{Liu.2019b,
 author = {Liu, Xinyi and Wangperawong, Artit},
 year = {2019},
 title = {Transfer Learning Robustness in Multi-Class Categorization by  Fine-Tuning Pre-Trained Contextualized Language Models},
 url = {http://arxiv.org/pdf/1909.03564v1},
 keywords = {Computer Science - Computation and Language;Computer Science - Learning;Statistics - Machine Learning}
}


@article{Lyubinets.2018,
 author = {Lyubinets, Volodymyr and Boiko, Taras and Nicholas, Deon},
 year = {2018},
 title = {Automated labeling of bugs and tickets using attention-based mechanisms  in recurrent neural networks},
 url = {http://arxiv.org/abs/1807.02892},
 volume = {abs/1807.02892},
 journal = {CoRR}
}


@article{Madasu.2019,
 author = {Madasu, Avinash and Rao, Vijjini Anvesh},
 year = {2019},
 title = {Sequential Learning of Convolutional Features for Effective Text Classification},
 url = {https://arxiv.org/abs/1909.00080},
 volume = {abs/1909.00080},
 journal = {ArXiv}
}


@article{Mani.2018,
 author = {Mani, Senthil and Sankaran, Anush and Aralikatte, Rahul},
 year = {2018},
 title = {DeepTriage: Exploring the Effectiveness of Deep Learning for Bug Triaging},
 url = {http://arxiv.org/abs/1801.01275},
 volume = {abs/1801.01275},
 journal = {CoRR}
}


@article{McCann.2017,
 author = {McCann, Bryan and Bradbury, James and Xiong, Caiming and Socher, Richard},
 year = {2017},
 title = {Learned in Translation: Contextualized Word Vectors},
 url = {http://arxiv.org/abs/1708.00107},
 volume = {abs/1708.00107},
 journal = {CoRR}
}


@article{Meng.2018,
 author = {Meng, Yu and Shen, Jiaming and Zhang, Chao and Han, Jiawei},
 year = {2018},
 title = {Weakly-Supervised Neural Text Classification},
 url = {http://dl.acm.org/citation.cfm?doid=3269206},
 pages = {983--992},
 journal = {Proceedings of the 27th ACM International Conference on Information and Knowledge Management : October 22-26, 2018, Torino, Italy},
 doi = {10.1145/3269206.3271737}
}


@article{Mikolov.2013b,
 author = {Mikolov, Tomas and Chen, Kai and Corrado, Greg and Dean, Jeffrey},
 title = {Efficient Estimation of Word Representations in Vector Space},
 url = {https://arxiv.org/abs/1301.3781},
 volume = {2013}
}


@article{Mikolov.2013,
 author = {Mikolov, Tomas and Sutskever, Ilya and Chen, Kai and Corrado, Greg S. and Dean, Jeff},
 year = {2013},
 title = {Distributed Representations of Words and Phrases and their Compositionality},
 url = {http://papers.nips.cc/paper/5021-distributed-representations-of-words-and-phrases-and-their-compositionality.pdf},
 pages = {3111--3119},
 journal = {Advances in Neural Information Processing Systems 26}
}


@book{Mohri.2012,
 author = {Mohri, Mehryar and Rostamizadeh, Afshin and Talwalkar, Ameet},
 year = {2012},
 title = {Foundations of machine learning},
 keywords = {Computer algorithms;K{\"u}nstliche Intelligenz;Machine learning;Maschinelles Lernen;Maschinelles Sehen},
 address = {Cambridge, Mass. and London},
 publisher = {{The MIT Press}},
 isbn = {9780262018258},
 series = {Adaptive computation and machine learning}
}


@article{Mullenbach.2018,
 author = {Mullenbach, James and Wiegreffe, Sarah and Duke, Jon and Sun, Jimeng and Eisenstein, Jacob},
 year = {2018},
 title = {Explainable Prediction of Medical Codes from Clinical Text  the Association for Computational Linguistics: Human Language Technologies,  NAACL-HLT 2018, New Orleans, Louisiana, USA, June 1-6, 2018, Volume  1 (Long Papers)},
 url = {https://www.aclweb.org/anthology/N18-1100/},
 pages = {1101--1111},
 journal = {Proceedings of the 2018 Conference of the North American Chapter of}
}


@article{Smith.2019,
 author = {Smith, Noah A.},
 year = {2019},
 title = {Contextual Word Representations: A Contextual Introduction},
 url = {https://arxiv.org/abs/1902.06006},
 volume = {abs/1902.06006},
 journal = {CoRR}
}


@article{Paisios.2019,
 author = {Paisios, Andreas and Lenc, Ladislav and Martinek, Ji{\v{r}}{\i}́ and Kr{\'a}l, Pavel and Papadopoulos, Harris},
 year = {2019},
 title = {A Deep Neural Network Conformal Predictor for Multi-label Text Classification},
 url = {http://proceedings.mlr.press/v105/paisios19a.html},
 pages = {228--245},
 journal = {Proceedings of the Eighth Symposium on Conformal and Probabilistic Prediction and Applications}
}


@article{Park.2017,
 author = {Park, Ji Ho and Fung, Pascale},
 year = {2017},
 title = {One-step and Two-step Classification for Abusive Language Detection  on Twitter},
 url = {http://arxiv.org/abs/1706.01206},
 volume = {abs/1706.01206},
 journal = {CoRR}
}


@article{Parwez.2019,
 author = {Parwez, Md. Aslam and Abulaish, Muhammad and Jahiruddin},
 year = {2019},
 title = {Multi-Label Classification of Microblogging Texts Using Convolution Neural Network},
 url = {https://ieeexplore.ieee.org/document/8723320},
 pages = {68678--68691},
 volume = {7},
 journal = {IEEE Access},
 doi = {10.1109/ACCESS.2019.2919494}
}


@article{Pennington.2014,
 author = {Pennington, Jeffrey and Socher, Richard and Manning, Christopher},
 year = {2014},
 title = {Glove: Global Vectors for Word Representation},
 url = {https://www.aclweb.org/anthology/D14-1162},
 pages = {1532--1543},
 journal = {Proceedings of the 2014 Conference on Empirical Methods in Natural Language Processing (EMNLP)},
 doi = {10.3115/v1/D14-1162}
}


@article{Peters.2018,
 author = {Peters, Matthew E. and Neumann, Mark and Iyyer, Mohit and Gardner, Matt and Clark, Christopher and Lee, Kenton and Zettlemoyer, Luke},
 year = {2018},
 title = {Deep contextualized word representations},
 url = {http://arxiv.org/abs/1802.05365},
 volume = {abs/1802.05365},
 journal = {CoRR}
}


@article{Radford.2018,
 author = {Radford, Alec and Narasimhan, Karthik and Salimans, Tim and Sutskever, Ilya},
 year = {2018},
 title = {Improving language understanding by generative pre-training},
 url = {https://www.cs.ubc.ca/~amuham01/LING530/papers/radford2018improving.pdf},
}


@article{Ren.2018,
 author = {Ren, Hao and Lu, Hong},
 year = {2018},
 title = {Compositional coding capsule network with k-means routing for text  classification},
 url = {http://arxiv.org/abs/1810.09177},
 volume = {abs/1810.09177},
 journal = {CoRR}
}


@article{Rezaeinia.2018,
 author = {Rezaeinia, Seyed Mahdi and Ghodsi, Ali and Rahmani, Rouhollah},
 year = {2018},
 title = {Text Classification based on Multiple Block Convolutional Highways},
 url = {http://arxiv.org/abs/1807.09602},
 volume = {abs/1807.09602},
 journal = {CoRR}
}


@article{Rios.2015,
 author = {Rios, Anthony and Kavuluru, Ramakanth},
 year = {2015},
 title = {Convolutional Neural Networks for Biomedical Text Classification: Application in Indexing Biomedical Articles},
 url = {https://dl.acm.org/citation.cfm?doid=2808719.2808746},
 pages = {258--267},
 volume = {2015},
 journal = {ACM-BCB ... ... : the ... ACM Conference on Bioinformatics, Computational Biology and Biomedicine. ACM Conference on Bioinformatics, Computational Biology and Biomedicine},
 doi = {10.1145/2808719.2808746}
}


@article{Rumelhart.1986,
 author = {Rumelhart, David E. and Hinton, Geoffrey E. and Williams, Ronald J.},
 year = {1986},
 title = {Learning representations by back-propagating errors},
 url = {https://www.nature.com/articles/323533a0},
 pages = {533--536},
 volume = {323},
 number = {6088},
 journal = {Nature},
 doi = {10.1038/323533a0}
}


@article{Sachan.2019,
 author = {Sachan, Devendra Singh and Zaheer, Manzil and Salakhutdinov, Ruslan},
 year = {2019},
 title = {Revisiting LSTM Networks for Semi-Supervised Text Classification via Mixed Objective Function},
 url = {https://wvvw.aaai.org/ojs/index.php/AAAI/article/view/4672},
 journal = {AAAI}
}


@article{Shih.2017,
 author = {Shih, Chin-Hong and Yan, Bi-Cheng and Liu, Shih-Hung and Chen, Berlin},
 year = {2017},
 title = {Investigating Siamese LSTM networks for text categorization},
 url = {http://ieeexplore.ieee.org/document/8282104/},
 pages = {641--646},
 journal = {2017 Asia-Pacific Signal and Information Processing Association Annual Summit and Conference (APSIPA ASC)},
 doi = {10.1109/APSIPA.2017.8282104}
}


@article{Song.2018,
 author = {Song, Xingyi and Petrak, Johann and Roberts, Angus},
 year = {2018},
 title = {A Deep Neural Network Sentence Level Classification Method with Context Information},
 url = {https://www.aclweb.org/anthology/D18-1107},
 pages = {900--904},
 journal = {Proceedings of the 2018 Conference on Empirical Methods in Natural Language Processing},
 doi = {10.18653/v1/D18-1107}
}


@article{Sun.2019,
 author = {Sun, Chi and Qiu, Xipeng and Xu, Yige and Huang, Xuanjing},
 year = {2019},
 title = {How to Fine-Tune BERT for Text Classification?},
 url = {http://arxiv.org/abs/1905.05583},
 volume = {abs/1905.05583},
 journal = {CoRR}
}


@article{Svozil.1997,
 author = {Svozil, Daniel and Kvasnicka, Vladim{\'i}r and Pospichal, Jir̂{\'i}},
 year = {1997},
 title = {Introduction to multi-layer feed-forward neural networks},
 url = {https://www.sciencedirect.com/science/article/abs/pii/S0169743997000610?via%3Dihub},
 pages = {43--62},
 volume = {39},
 number = {1},
 issn = {0169-7439},
 journal = {Chemometrics and Intelligent Laboratory Systems},
 doi = {10.1016/S0169-7439(97)00061-0}
}


@article{Turian.2010,
 author = {Turian, Joseph and Ratinov, Lev-Arie and Bengio, Yoshua},
 year = {2010},
 title = {Word Representations: A Simple and General Method for Semi-Supervised Learning},
 url = {https://www.aclweb.org/anthology/P10-1040},
 pages = {384--394},
 journal = {Proceedings of the 48th Annual Meeting of the Association for Computational Linguistics}
}


@article{Vaswani.2017,
 author = {Vaswani, Ashish and Shazeer, Noam and Parmar, Niki and Uszkoreit, Jakob and Jones, Llion and Gomez, Aidan N. and Kaiser, $\backslash$L ukasz and Polosukhin, Illia},
 title = {Attention is All you Need},
 year = {2017},
 url = {http://papers.nips.cc/paper/7181-attention-is-all-you-need.pdf},
 pages = {5998--6008},
 journal = {Advances in Neural Information Processing Systems 30}
}


@misc{Velickovic.2016,
 author = {Veli{\v{c}}kovi{\'c}, Petar},
 year = {2016},
 title = {2D~Convolution},
 url = {https://github.com/PetarV-/TikZ/tree/master/2D%20Convolution}
}


@article{Vinayakumar.2017,
 author = {Vinayakumar, R. and B, Barathi Ganesh H. and Kumar, M. Anand and Soman, K. P.},
 year = {2017},
 title = {Deep Health Care Text Classification},
 url = {http://arxiv.org/abs/1710.08396},
 volume = {abs/1710.08396},
 journal = {CoRR}
}


@article{Wang.2012,
 author = {Wang, Sida and Manning, Christopher},
 year = {2012},
 title = {Baselines and Bigrams: Simple, Good Sentiment and Topic Classification},
 url = {https://www.aclweb.org/anthology/P12-2018},
 pages = {90--94},
 journal = {Proceedings of the 50th Annual Meeting of the Association for Computational Linguistics (Volume 2: Short Papers)}
}


@article{Wang.2016,
 author = {Wang, Yiren and Tian, Fei},
 year = {2016},
 title = {Recurrent Residual Learning for Sequence Classification},
 url = {https://aclweb.org/anthology/D16-1093/},
 pages = {938--943},
 journal = {Proceedings of the 2016 Conference on Empirical Methods in Natural Language Processing},
 doi = {10.18653/v1/D16-1093}
}


@article{Wang.2018,
 author = {Wang, Benyou and Wang, Li and Wei, Qikang},
 year = {2018},
 title = {TextZoo, a New Benchmark for Reconsidering Text Classification},
 url = {http://arxiv.org/abs/1802.03656},
 volume = {abs/1802.03656},
 journal = {CoRR}
}


@article{Wang.2018b,
 author = {Wang, Baoxin},
 year = {2018},
 title = {Disconnected Recurrent Neural Networks for Text Categorization},
 url = {https://www.aclweb.org/anthology/P18-1215},
 pages = {2311--2320},
 doi = {10.18653/v1/P18-1215}
}


@article{Wei.2019,
 author = {Wei, Fusheng and Qin, Han and Ye, Shi and Zhao, Haozhen},
 year = {2019},
 title = {Empirical Study of Deep Learning for Text Classification in Legal  Document Review},
 url = {http://arxiv.org/abs/1904.01723},
 volume = {abs/1904.01723},
 journal = {CoRR}
}


@article{Xiao.2016,
 author = {Xiao, Yijun and Cho, Kyunghyun},
 year = {2016},
 title = {Efficient Character-level Document Classification by Combining Convolution  and Recurrent Layers},
 url = {http://arxiv.org/abs/1602.00367},
 volume = {abs/1602.00367},
 journal = {CoRR}
}


@article{Xu.2016,
 author = {Xu, Haotian and Dong, Ming and Zhu, Dongxiao and Kotov, Alexander and Carcone, April Idalski and Naar-King, Sylvie},
 year = {2016},
 title = {Text Classification with Topic-based Word Embedding and Convolutional Neural Networks},
 url = {http://dl.acm.org/citation.cfm?doid=2975167},
 pages = {88--97},
 journal = {ACM-BCB 2016},
 doi = {10.1145/2975167.2975176}
}


@article{Xu.2019,
 author = {Xu, Binbin and Gil-Jardin{\'e}, C{\'e}dric and Thiessard, Frantz and Tellier, Eric and Avalos, Marta and Lagarde, Emmanuel},
 year = {2019},
 title = {Neural Language Model for Automated Classification of Electronic Medical Records at the Emergency Room. The Significant Benefit of Unsupervised Generative Pre-training},
 url = {https://arxiv.org/abs/1909.01136},
 volume = {abs/1909.01136},
 journal = {ArXiv}
}


@article{Yang.2016,
 author = {Yang, Zichao and Yang, Diyi and Dyer, Chris and He, Xiaodong and Smola, Alex and Hovy, Eduard},
 year = {2016},
 title = {Hierarchical Attention Networks for Document Classification},
 url = {https://aclweb.org/anthology/N16-1174/},
 pages = {1480--1489},
 journal = {Proceedings of the 2016 Conference of the North American Chapter of the Association for Computational Linguistics: Human Language Technologies},
 doi = {10.18653/v1/N16-1174}
}


@article{Yang.2018,
 author = {Yang, Pengcheng and Sun, Xu and Li, Wei and Ma, Shuming and Wu, Wei and Wang, Houfeng},
 year = {2018},
 title = {SGM: Sequence Generation Model for Multi-label Classification},
 url = {http://arxiv.org/abs/1806.04822},
 volume = {abs/1806.04822},
 journal = {CoRR}
}


@article{Yang.2019,
 author = {Yang, Zhilin and Dai, Zihang and Yang, Yiming and Carbonell, Jaime G. and Salakhutdinov, Ruslan and {Le V}, Quoc},
 year = {2019},
 title = {XLNet: Generalized Autoregressive Pretraining for Language Understanding},
 url = {http://arxiv.org/abs/1906.08237},
 volume = {abs/1906.08237},
 journal = {CoRR}
}


@article{Yin.2017,
 author = {Yin, Wenpeng and Kann, Katharina and Yu, Mo and Sch{\"u}tze, Hinrich},
 year = {2017},
 title = {Comparative Study of CNN and RNN for Natural Language Processing},
 url = {http://arxiv.org/abs/1702.01923},
 volume = {abs/1702.01923},
 journal = {CoRR}
}


@article{Yogatama.2017,
 author = {Yogatama, Dani and Dyer, Chris and Ling, Wang and Blunsom, Phil},
 year = {2017},
 title = {Generative and discriminative text classification with recurrent neural networks},
 url = {https://arxiv.org/abs/1703.01898},
 journal = {CoRR}
}


@article{Zhang.2015,
 author = {Zhang, Xiang and Zhao, Junbo and LeCun, Yann},
 year = {2015},
 title = {Character-level Convolutional Networks for Text Classification},
 url = {http://papers.nips.cc/paper/5782-character-level-convolutional-networks-for-text-classification.pdf},
 pages = {649--657}
}


@article{Zhang.2015b,
 author = {Zhang, Xiang and LeCun, Yann},
 year = {2015},
 title = {Text Understanding from Scratch},
 url = {http://arxiv.org/abs/1502.01710},
 volume = {abs/1502.01710},
 journal = {CoRR}
}


@article{Zhang.2015c,
 author = {Zhang, Ye and Wallace, Byron C.},
 year = {2015},
 title = {A Sensitivity Analysis of (and Practitioners' Guide to) Convolutional  Neural Networks for Sentence Classification},
 url = {http://arxiv.org/abs/1510.03820},
 volume = {abs/1510.03820},
 journal = {CoRR}
}


@article{Zhang.2018,
 author = {Zhang, Yinyuan and Henao, Ricardo and Gan, Zhe and Li, Yitong and Carin, Lawrence},
 year = {2018},
 title = {Multi-Label Learning from Medical Plain Text with Convolutional Residual Models},
 url = {http://proceedings.mlr.press/v85/zhang18a.html},
 pages = {280--294},
 journal = {Proceedings of the 3rd Machine Learning for Healthcare Conference}
}


@article{Zhang.2019,
 author = {Zhang, Zhuosheng and Wu, Yuwei and Zhao, Hai and Li, Zuchao and Zhang, Shuailiang and Zhou, Xi and Zhou, Xiang},
 year = {2019},
 title = {Semantics-aware BERT for Language Understanding},
 url = {https://arxiv.org/abs/1909.02209}
}


@article{Zhao.2018,
 author = {Zhao, Wei and Ye, Jianbo and Yang, Min and Lei, Zeyang and Zhang, Soufei and Zhao, Zhou},
 year = {2018},
 title = {Investigating Capsule Networks with Dynamic Routing for Text Classification},
 url = {http://arxiv.org/abs/1804.00538},
 volume = {abs/1804.00538},
 journal = {CoRR}
}


@article{Zhao.2018b,
 author = {Zhao, Xiaoli and Lin, Shaofu and Huang, Zhisheng},
 year = {2018},
 title = {Text Classification of Micro-blog's {\textquotedbl}Tree Hole{\textquotedbl} Based on Convolutional Neural Network},
 url = {http://dl.acm.org/citation.cfm?doid=3302425},
 pages = {1--5},
 journal = {ACAI 2018 conference proceeding},
 doi = {10.1145/3302425.3302501}
}


@article{Zheng.2019,
 author = {Zheng, Jin and Zheng, Limin},
 year = {2019},
 title = {A Hybrid Bidirectional Recurrent Convolutional Neural Network Attention-Based Model for Text Classification},
 url = {https://ieeexplore.ieee.org/document/8784247},
 pages = {106673--106685},
 volume = {7},
 journal = {IEEE Access},
 doi = {10.1109/ACCESS.2019.2932619}
}


@article{Zhou.2015,
 author = {Zhou, Chunting and Sun, Chonglin and Liu, Zhiyuan and Lau, Francis C. M.},
 year = {2015},
 title = {A C-LSTM Neural Network for Text Classification},
 url = {http://arxiv.org/abs/1511.08630},
 volume = {abs/1511.08630},
 journal = {CoRR}
}


@article{Zhou.2016,
 author = {Zhou, Peng and Shi, Wei and Tian, Jun and Qi, Zhenyu and Li, Bingchen and Hao, Hongwei and Xu, Bo},
 year = {2016},
 title = {Attention-Based Bidirectional Long Short-Term Memory Networks for Relation Classification},
 url = {https://aclweb.org/anthology/P16-2034/},
 pages = {207--212},
 journal = {Proceedings of the 54th Annual Meeting of the Association for Computational Linguistics (Volume 2: Short Papers)},
 doi = {10.18653/v1/P16-2034}
}


@article{Zhou.2016b,
 author = {Zhou, Peng and Qi, Zhenyu and Zheng, Suncong and Xu, Jiaming and Bao, Hongyun and Xu, Bo},
 year = {2016},
 title = {Text Classification Improved by Integrating Bidirectional LSTM with  Two-dimensional Max Pooling},
 url = {http://arxiv.org/abs/1611.06639},
 volume = {abs/1611.06639},
 journal = {CoRR}
}


@article{Hochreiter.2001,
	author = {Hochreiter, Sepp and Bengio, Yoshua and Frasconi, Paolo and Schmidhuber, J{\"u}rgen},
	year = {2001},
	title = {Gradient Flow in Recurrent Nets: theDifficulty of Learning Long-TermDependencies},
	journal = {S. C. Kremer and J. F. Kolen, A Field Guideto Dynamical Recurrent Neural Networks.}
}


@article{Cho.2014,
	author = {Cho, Kyunghyun and {van Merrienboer}, Bart and Bahdanau, Dzmitry and Bengio, Yoshua},
	year = {2014},
	title = {On the Properties of Neural Machine Translation: Encoder-Decoder Approaches},
	volume = {abs/1409.1259},
	journal = {CoRR}
}


@article{Hochreiter.1997,
	author = {Hochreiter, Sepp and Schmidhuber, J{\"u}rgen},
	year = {1997},
	title = {Long Short-Term Memory},
	pages = {1735--1780},
	volume = {9},
	number = {8},
	journal = {Neural Computation},
	doi = {10.1162/neco.1997.9.8.1735}
}


@article{Graves.2013,
	author = {Graves, Alex},
	year = {2013},
	title = {Generating Sequences With Recurrent Neural Networks},
	url = {http://arxiv.org/abs/1308.0850},
	volume = {abs/1308.0850},
	journal = {CoRR}
}


@article{Greff.2015,
	author = {Greff, Klaus and Srivastava, Rupesh Kumar and Schmidhuber, Jan Koutn{\"u}rgen},
	year = {2015},
	title = {LSTM: A Search Space Odyssey},
	url = {http://arxiv.org/abs/1503.04069},
	volume = {abs/1503.04069},
	journal = {CoRR}
}


@article{Shah.2015,
	author = {Shah, Amar and Knowles, David and Ghahramani, Zoubin},
	year = {2015},
	title = {An Empirical Study of Stochastic Variational Inference Algorithms for the Beta Bernoulli Process},
	url = {http://proceedings.mlr.press/v37/jozefowicz15.pdf},
	pages = {1594--1603},
	volume = {37},
	journal = {PMLR}
}


@misc{Olah.2015,
	author = {Olah, Christopher},
	year = {2015},
	title = {Understanding LSTM Networks},
	url = {http://colah.github.io/posts/2015-08-Understanding-LSTMs/}
}


@article{Wang.2019,
	author = {Wang, Alex and Singh, Amanpreet and Michael, Julian and Hill, Felix and Levy, Omer and Bowman, Samuel R.},
	year = {2019},
	title = {GLUE: A Multi-Task Benchmark and Analysis Platform for Natural Language Understanding},
	url = {https://openreview.net/forum?id=rJ4km2R5t7},
	journal = {International Conference on Learning Representations}
}


@article{Ba.2016,
	author = {Ba, Jimmy Lei and Kiros, Jamie Ryan and Hinton, Geoffrey E.},
	year = {2016},
	title = {Layer Normalization},
	url = {https://arxiv.org/abs/1607.06450}
}


@article{He.2015,
	author = {He, Kaiming and Zhang, Xiangyu and Ren, Shaoqing and Sun, Jian},
	year = {2015},
	title = {Deep Residual Learning for Image Recognition},
	url = {http://arxiv.org/abs/1512.03385},
	volume = {abs/1512.03385},
	journal = {CoRR}
}


@article{Bahdanau.2014,
	author = {Bahdanau, Dzmitry and Cho, Kyunghyun and Bengio, Yoshua},
	year = {2014},
	title = {Neural Machine Translation by Jointly Learning to Align and Translate},
	url = {https://arxiv.org/abs/1409.0473},
	volume = {abs/1409.0473},
	journal = {CoRR}
}


@article{Srivastava.2018,
	author = {Srivastava, Saurabh and Khurana, Prerna and Tewari, Vartika},
	year = {2018},
	title = {Identifying Aggression and Toxicity in Comments using Capsule Network},
	url = {https://www.aclweb.org/anthology/W18-4412},
	pages = {98--105},
	journal = {Proceedings of the First Workshop on Trolling, Aggression and Cyberbullying (TRAC-2018)}
}


@article{Kim.2018,
	author = {Kim, Jaeyoung and Jang, Sion and Choi, Sungchul and Park, Eunjeong L.},
	year = {2018},
	title = {Text Classification using Capsules},
	volume = {abs/1808.03976},
	journal = {CoRR},
	url = {http://arxiv.org/abs/1808.03976}
}


@article{Xiao.2018,
	author = {Xiao, Liqiang and Zhang, Honglun and Chen, Wenqing and Wang, Yongkun and Jin, Yaohui},
	year = {2018},
	title = {MCapsNet: Capsule Network for Text with Multi-Task Learning},
	url = {https://pdfs.semanticscholar.org/3757/dc14b4c901bccb94cc59f0b3940ef4ee984f.pdf},
	journal = {Proceedings of the 2018 Conference on Empiri-cal Methods in Natural Language Processing}
}


@misc{BundesagenturfurArbeit.2010,
	year = {2010},
	title = {Schl{\"u}sselverzeichnis f{\"u}r die Angaben zur T{\"a}tigkeit},
	url = {https://www.arbeitsagentur.de/datei/dok_ba015567.pdf},
	address = {Regensburger Straße 10490478 N{\"u}rnberg},
	editor = {{Bundesagentur f{\"u}r Arbeit}},
	institution = {{Bundesagentur f{\"u}r Arbeit}}
}


@article{Pan.2010,
	author = {Pan, Sinno Jialin and Yang, Qiang},
	year = {2010},
	title = {A Survey on Transfer Learning},
	url = {https://www.cse.ust.hk/~qyang/Docs/2009/tkde_transfer_learning.pdf},
	pages = {1345--1359},
	volume = {22},
	number = {10},
	issn = {1041-4347},
	journal = {IEEE Transactions on Knowledge and Data Engineering},
	doi = {10.1109/TKDE.2009.191}
}


@article{Boehm.2000,
	author = {Boehm, Barry and Abts, Chris and Chulani, Sunita},
	year = {2000},
	title = {Software development cost estimation approaches --- A survey},
	url = {https://homepages.dcc.ufmg.br/~rodolfo/es-1-09/EstimationSurvey.pdf},
	pages = {177--205},
	volume = {10},
	number = {1},
	issn = {1573-7489},
	journal = {Annals of Software Engineering},
	doi = {10.1023/A:1018991717352}
}


@article{Maas.2011,
	author = {Maas, Andrew L. and Daly, Raymond E. and Pham, Peter T. and Huang, Dan and Ng, Andrew Y. and Potts, Christopher},
	year = {2011},
	title = {Learning Word Vectors for Sentiment Analysis},
	url = {http://www.aclweb.org/anthology/P11-1015},
	pages = {142--150},
	journal = {Proceedings of the 49th Annual Meeting of the Association for Computational Linguistics: Human Language Technologies}
}


@article{Miyato.2017,
	author = {Miyato, Takeru and Dai, Andrew M. and Goodfellow, Ian},
	year = {2017},
	title = {Adversarial Training Methods for Semi-Supervised Text Classification},
	journal = {International Conference on Learning Representations 2017}
}


@article{Dai.2019,
	author = {Dai, Zihang and Yang, Zhilin and Yang, Yiming and Carbonell, Jaime G. and {Le V}, Quoc and Salakhutdinov, Ruslan},
	year = {2019},
	title = {Transformer-XL: Attentive Language Models Beyond a Fixed-Length Context},
	volume = {abs/1901.02860},
	journal = {CoRR},
	url = {http://arxiv.org/abs/1901.02860}
}



@article{Goodfellow.2015,
	author = {Goodfellow, Ian and {Shlens Jonathan} and {Szegedy Christian}},
	year = {2015},
	title = {Explaining and Harnessing Adversarial Examples},
	journal = {International Conference on Learning Representations 2015}
}



@article{Jain.1996,
	author = {Jain, A. K. and Mao, Jianchang and Mohiuddin, K. M.},
	year = {1996},
	title = {Artificial neural networks: a tutorial},
	pages = {31--44},
	volume = {29},
	number = {3},
	issn = {00189162},
	journal = {Computer},
	doi = {10.1109/2.485891}
}


