@misc{Guy.2019,
	title = {The coming evolution of field operations},
	author = {McKinsey},
	year = {2019},
}

@misc{Foret.2020,
	title={Sharpness-Aware Minimization for Efficiently Improving Generalization}, 
	author={Pierre Foret and Ariel Kleiner and Hossein Mobahi and Behnam Neyshabur},
	year={2020}
}
@inproceedings{imagenet.2019,
	AUTHOR = {Deng, J. and Dong, W. and Socher, R. and Li, L.-J. and Li, K. and Fei-Fei, L.},
	TITLE = {{ImageNet: A Large-Scale Hierarchical Image Database}},
	BOOKTITLE = {CVPR},
	YEAR = {2009},
	pages={248--255}
	
}

@article{LeCun.2015b,
	author = {LeCun, Yann and Bengio, Yoshua and Hinton, Geoffrey},
	year = {2015},
	title = {Deep learning},
	journal = {Nature}
}

@inproceedings{He.2016,
	author = {He, Kaiming and Zhang, Xiangyu and Ren, Shaoqing and Sun, Jian},
	title = {Deep Residual Learning for Image Recognition},
	booktitle = {CVPR},
	year = {2016},
	pages = {770--778}
}

@inproceedings{Szegedy.2015,
	author = {Szegedy, Christian and Liu, Wei and Jia, Yangqing and Sermanet, Pierre and Reed, Scott and Anguelov, Dragomir and Erhan, Dumitru and Vanhoucke, Vincent and Rabinovich, Andrew},
	title = {Going deeper with convolutions},
	booktitle = {CVPR},
	pages = {1--9},
	year = {2015}
}

@inproceedings{Huang.2017,
	author = {Huang, Gao and Liu, Zhuang and {van der Maaten}, Laurens and Weinberger, Kilian Q.},
	title = {Densely Connected Convolutional Networks},
	booktitle = {CVPR},
	pages = {2261--2269},
	year = {2017}
}

@article{Webster.2002,
	author = {Jane Webster and Richard T. Watson},
	journal = {MIS Quarterly},
	title = {Analyzing the Past to Prepare for the Future: Writing a Literature Review},
	year = {2002}
}

@misc{Kolesnikov.2019,
	author = {Kolesnikov, Alexander I. and Beyer, Lucas and Zhai, Xiaohua and Puigcerver, Joan and Yung, Jessica and Gelly, Sylvain and Houlsby, Neil},
	year = {2019},
	title = {Large Scale Learning of General Visual Representations for Transfer},
}

@incollection{Touvron.2019,
	author = {Touvron, Hugo and Vedaldi, Andrea and Douze, Matthijs and Jegou, Herve},
	title = {Fixing the train-test resolution discrepancy},
	booktitle = {NIPS},
	 pages = {8252--8262},
	publisher = {{Curran Associates, Inc}},
	year = {2019}
}

@article{Simonyan.2014,
	author = {Simonyan, Karen and Zisserman, Andrew},
	year = {2014},
	title = {Very Deep Convolutional Networks for Large-Scale Image Recognition},
	journal = {CoRR}
}

@InProceedings{Xie.2017,
	author = {Xie, Saining and Girshick, Ross and Dollar, Piotr and Tu, Zhuowen and He, Kaiming},
	title = {Aggregated Residual Transformations for Deep Neural Networks},
	booktitle = {CVPR},
	pages={5987-5995},
	year = {2017}
} 


@inproceedings{Tan.2019,
	author = {Tan, Mingxing and {Le V}, Quoc},
	title = {EfficientNet: Rethinking Model Scaling for Convolutional Neural Networks},
	booktitle = {ICML},
	pages = {6105--6114},
	year = {2019}
}

@misc{Ruder.2016,
	title={An overview of gradient descent optimization algorithms},
	author={Ruder, Sebastian},
	year={2016}
} 

@article{Pan.2010,
	author = {Pan, Sinno Jialin and Yang, Qiang},
	year = {2010},
	title = {A Survey on Transfer Learning},
	journal = {TKDE},
}

@book{ElAmir.2020,
	author = {El-Amir, Hisham and Hamdy, Mahmoud},
	year = {2020},
	title = {Deep Learning Pipeline: Building a Deep Learning Model with TensorFlow},
}

@misc{Kabir.2020,
	title={SpinalNet: Deep Neural Network with Gradual Input}, 
	author={H M Dipu Kabir and Moloud Abdar and Seyed Mohammad Jafar Jalali and Abbas Khosravi and Amir F Atiya and Saeid Nahavandi and Dipti Srinivasan},
	year={2020}
}

@article{Szegedy.2014,
	title={Intriguing properties of neural networks},
	author={Christian Szegedy and Wojciech Zaremba and Ilya Sutskever and Joan Bruna and Dumitru Erhan and Ian J. Goodfellow and Rob Fergus},
	journal={CoRR},
	year={2014}
}