@Article{Mombaur2009,
  Title                    = {Using optimization to create self-stable human-like running},
  Author                   = {Mombaur, Katja},
  Journal                  = {Robotica},
  Year                     = {2009},

  Month                    = {May},
  Pages                    = {321--330},
  Volume                   = {27},

  Acmid                    = {1520126},
  Address                  = {New York, NY, USA},
  Doi                      = {10.1017/S0263574708004724},
  ISSN                     = {0263-5747},
  Issue                    = {3},
  Keywords                 = {Biomimetic robots, Bipeds, Control of robotic systems, Design, Robot dynamics},
  Numpages                 = {10},
  Publisher                = {Cambridge University Press},
}

@book{Newton1687,
  title={Philosophiae naturalis principia mathematica},
  author={Newton, Isaac},
  year={1687},
  publisher={J. Societatis Regiae ac Typis J. Streater}
}
